@article{nano, author={Hauert, S and Bhatia, S.N.},
    title={Mechanisms of cooperation in cancer nanomedicine:
        towards systems nanotechnology}, journal={Trends in biotechnology},
    volume={32 (9)}, pages{448-455}}

@article{swarm, author={Rubenstein, M. and Cornejo, A. and Nagpal R.},
    title={Programmable self-assembly in a thousand-robot swarm},
    journal={Science}, volume={345 (6198)}, pages={795-799}, year={2014}}
